@Book{ Arias,
	author = "Arias, A",
	title = "Aprende a programar para Android",
	publisher = "CreateSpace",
	year = "2014",
	edition = "2",
	address = "Lexington, KY"
}

@Book{ Chavez,
	author = "Chavez, J",
	title = "Tratamiento digital de imágenes multiespectrales",
	publisher = "Lulu Com",
	year = "2012",
	edition = "4",
	address = "S.l"
}

@Book{ Espania,
	author = "España, M",
	title = "Servicios Avanzados de Telecomunicación",
	publisher = "Días de Santos",
	year = "2013",
	edition = "3",
	address = "Madrid"
}

@Book{ Esqueda,
	author = "Esqueda, J",
	title = "Fundamentos para el procesamiento de Imágenes",
	publisher = "UABC",
	year = "2005",
	edition = "3",
	address = "Baja California"
}

@Book{ Sedgewic,
	author = "Sedgewick, R",
	title = "Algoritmos en C++",
	publisher = "Dias de Snatos",
	year = "1992",
	edition = "3",
	address = "Wilmington, Delawere, EUA"
}

%@online { pajina,
%	url = "http://articulos.softonic.com/como-descubrir-si-una-imagen-ha-sido-retocada"
%}


@Article{ Jaimes,
	author = "Jaimes, P; Hermosillo, G; Gómez, R",
	title = "Una marca de agua inteligente aplicada al dinero electrónico",
	journal = "5th Ibero-American Congress on Information Security",
	year = "2009"
}

@Book{ Ramos,
	author = "Ramos, B",
	title = "Avances en Cristología y seguridad de la Información",
	publisher = "Días de Santos",
	year = "2004",
	edition = "4",
	address = "Madrid"
}

@Book{ Pardo,
	author = "Pardo, E",
	title = "Microinformatica para la Gestión empresarial",
	publisher = "Mc Graw Hill",
	year = "1996",
	edition = "2",
	address = "Interamericana de Españax"
}

@Article{ Velasco,
	author = "Velasco, C; López J; Nakano, M",
	title = "Esteganografía en una imagen digital en el dominio DCT",
	journal = "Científica",
	year = "2007",
	volume = "11"
}

@Article{ Yusuk,
	author = "Yusuk, L; Chang, S; Feng, D",
	title = "Web based image authentication using invisible fragile watermark",
	journal = "Proceedings of the Pan-Sydney Area Workshop on Visual Information Processing",
	year = "2001",
	volume = "11",
}
